@article{TimeDepPSSearchMethods2010,
    author 	  = "{Jim Braun, Mike Baker, Jon Dumm, Chad Finley, Albrecht Karle, Teresa Montaruli}",
    title  	  = "{Time-Dependent Point Source Search Methods in High Energy Neutrino Astronomy}",
    journal 	  = "Astropart.Phys.",
    volume	  = "33",
    pages 	  = "175-181",
    year          = "2010",
    eprint        = "0912.1572",
    archivePrefix = "arXiv"
}